<record><leader>00000cas a22000007a 4500</leader><controlfield tag="001">9216836</controlfield><controlfield tag="008">830212d1905190uokuwr ne      0    0eng d</controlfield><datafield ind1=" " ind2=" " tag="010"><subfield code="a">sn 83025021 </subfield></datafield><datafield ind1=" " ind2=" " tag="040"><subfield code="a">WIH</subfield><subfield code="b">eng</subfield><subfield code="c">WIH</subfield><subfield code="d">NPV</subfield><subfield code="d">ANU</subfield><subfield code="d">OBN</subfield><subfield code="d">OCLCQ</subfield><subfield code="d">OCLCO</subfield></datafield><datafield ind1="1" ind2=" " tag="029"><subfield code="a">AU@</subfield><subfield code="b">000025805863</subfield></datafield><datafield ind1=" " ind2=" " tag="042"><subfield code="a">msc</subfield></datafield><datafield ind1=" " ind2=" " tag="043"><subfield code="a">n-us-ok</subfield></datafield><datafield ind1=" " ind2=" " tag="045"><subfield code="a">x0x-</subfield></datafield><datafield ind1=" " ind2=" " tag="052"><subfield code="a">4023</subfield><subfield code="b">M9</subfield></datafield><datafield ind1="0" ind2="0" tag="245"><subfield code="a">Wainwright American.</subfield></datafield><datafield ind1="3" ind2=" " tag="246"><subfield code="a">Hanna American</subfield></datafield><datafield ind1="3" ind2=" " tag="246"><subfield code="a">Kneefeton American</subfield></datafield><datafield ind1=" " ind2=" " tag="260"><subfield code="a">Wainwright, Indian Territory [Okla.] :</subfield><subfield code="b">American Pub. Co.</subfield></datafield><datafield ind1=" " ind2=" " tag="300"><subfield code="a">v.</subfield></datafield><datafield ind1=" " ind2=" " tag="310"><subfield code="a">Weekly</subfield></datafield><datafield ind1="1" ind2=" " tag="362"><subfield code="a">Began in 1905.</subfield></datafield><datafield ind1=" " ind2=" " tag="588"><subfield code="a">Description based on: Vol. 1, no. 12 (Sept. 15, 1905).</subfield></datafield><datafield ind1=" " ind2="0" tag="651"><subfield code="a">Wainwright (Okla.)</subfield><subfield code="v">Newspapers.</subfield></datafield><datafield ind1=" " ind2="0" tag="651"><subfield code="a">Muskogee County (Okla.)</subfield><subfield code="v">Newspapers.</subfield></datafield><datafield ind1=" " ind2=" " tag="752"><subfield code="a">United States</subfield><subfield code="b">Oklahoma</subfield><subfield code="c">Muskogee</subfield><subfield code="d">Wainwright.</subfield></datafield></record>